<?xml version = "1.0" encoding = "UTF-8"?><record>
  <leader>01378ncm#a2200385#c#4500</leader>
  <controlfield tag="005">20210409120229.0</controlfield>
  <controlfield tag="007">qu</controlfield>
  <controlfield tag="008">160111|1984####au#uuau#############zxx#c</controlfield>
  <controlfield tag="003">DE-605</controlfield>
  <controlfield tag="001">990210237770206441</controlfield>
  <datafield tag="020" ind1=" " ind2=" ">
    <subfield code="a">9783702410223</subfield>
    <subfield code="9">978-3-7024-1022-3</subfield>
    <subfield code="0">(uri) http://www.isbnsearch.org/isbn/9783702410223</subfield>
  </datafield>
  <datafield tag="024" ind1="2" ind2=" ">
    <subfield code="z">9790008028298</subfield>
  </datafield>
  <datafield tag="028" ind1="2" ind2="2">
    <subfield code="a">UE 18 105</subfield>
  </datafield>
  <datafield tag="035" ind1=" " ind2=" ">
    <subfield code="a">(DE-605)HT018853619</subfield>
  </datafield>
  <datafield tag="040" ind1=" " ind2=" ">
    <subfield code="a">1972</subfield>
    <subfield code="b">ger</subfield>
    <subfield code="d">1156</subfield>
    <subfield code="e">rda</subfield>
  </datafield>
  <datafield tag="041" ind1=" " ind2=" ">
    <subfield code="a">zxx</subfield>
    <subfield code="a">ger</subfield>
  </datafield>
  <datafield tag="044" ind1=" " ind2=" ">
    <subfield code="c">XA-AT</subfield>
  </datafield>
  <datafield tag="100" ind1="1" ind2=" ">
    <subfield code="a">Mahler, Gustav</subfield>
    <subfield code="d">1860-1911</subfield>
    <subfield code="0">(DE-588)118576291</subfield>
    <subfield code="4">cmp</subfield>
    <subfield code="0">(uri) https://portal.dnb.de/opac.htm?method=simpleSearch&amp;cqlMode=true&amp;query=idn=118576291</subfield>
    <subfield code="0">(uri) http://viaf.org/viaf/sourceID/DNB|118576291</subfield>
    <subfield code="B">GND-118576291</subfield>
  </datafield>
  <datafield tag="240" ind1="1" ind2="0">
    <subfield code="a">Lieder aus letzter Zeit</subfield>
    <subfield code="p">R&#252;ckert-Lieder</subfield>
    <subfield code="p">Ich bin der Welt abhanden gekommen</subfield>
    <subfield code="0">(DE-588)4777353-4</subfield>
    <subfield code="o">arrangiert</subfield>
    <subfield code="0">(uri) https://portal.dnb.de/opac.htm?method=simpleSearch&amp;cqlMode=true&amp;query=idn=970957289</subfield>
    <subfield code="0">(uri) http://viaf.org/viaf/sourceID/DNB|970957289</subfield>
    <subfield code="B">GND-970957289</subfield>
  </datafield>
  <datafield tag="245" ind1="1" ind2="0">
    <subfield code="a">Ich bin der Welt abhanden gekommen</subfield>
    <subfield code="b">f&#252;r 16 Stimmen : (1983)</subfield>
    <subfield code="c">Gustav Mahler ; (Friedrich R&#252;ckert) ; bearbeitet von Clytus Gottwald</subfield>
  </datafield>
  <datafield tag="264" ind1=" " ind2="1">
    <subfield code="a">Vienna</subfield>
    <subfield code="a">London</subfield>
    <subfield code="a">New York</subfield>
    <subfield code="b">Universal Edition</subfield>
    <subfield code="c">[1984]</subfield>
  </datafield>
  <datafield tag="264" ind1=" " ind2="4">
    <subfield code="c">&#169; 1984</subfield>
  </datafield>
  <datafield tag="300" ind1=" " ind2=" ">
    <subfield code="a">1 Partitur (12 Seiten)</subfield>
  </datafield>
  <datafield tag="336" ind1=" " ind2=" ">
    <subfield code="b">ntm</subfield>
  </datafield>
  <datafield tag="336" ind1=" " ind2=" ">
    <subfield code="b">txt</subfield>
  </datafield>
  <datafield tag="337" ind1=" " ind2=" ">
    <subfield code="b">n</subfield>
  </datafield>
  <datafield tag="338" ind1=" " ind2=" ">
    <subfield code="b">nc</subfield>
  </datafield>
  <datafield tag="348" ind1=" " ind2=" ">
    <subfield code="a">Partitur</subfield>
    <subfield code="0">(DE-588)4173447-6</subfield>
    <subfield code="2">gnd-music</subfield>
  </datafield>
  <datafield tag="500" ind1=" " ind2=" ">
    <subfield code="a">Hier auch sp&#228;ter erschienene, unver&#228;nderte Nachdrucke</subfield>
    <subfield code="9">F:501</subfield>
  </datafield>
  <datafield tag="700" ind1="1" ind2=" ">
    <subfield code="a">R&#252;ckert, Friedrich</subfield>
    <subfield code="d">1788-1866</subfield>
    <subfield code="0">(DE-588)118603817</subfield>
    <subfield code="4">lyr</subfield>
    <subfield code="0">(uri) https://portal.dnb.de/opac.htm?method=simpleSearch&amp;cqlMode=true&amp;query=idn=118603817</subfield>
    <subfield code="0">(uri) http://viaf.org/viaf/sourceID/DNB|118603817</subfield>
    <subfield code="B">GND-118603817</subfield>
  </datafield>
  <datafield tag="700" ind1="1" ind2=" ">
    <subfield code="a">Gottwald, Clytus</subfield>
    <subfield code="d">1925-</subfield>
    <subfield code="0">(DE-588)118917439</subfield>
    <subfield code="4">arr</subfield>
    <subfield code="0">(uri) https://portal.dnb.de/opac.htm?method=simpleSearch&amp;cqlMode=true&amp;query=idn=118917439</subfield>
    <subfield code="0">(uri) http://viaf.org/viaf/sourceID/DNB|118917439</subfield>
    <subfield code="B">GND-118917439</subfield>
  </datafield>
  <datafield tag="964" ind1="0" ind2="s">
    <subfield code="F">030</subfield>
    <subfield code="A">a|1ur||||||17</subfield>
  </datafield>
  <datafield tag="964" ind1="0" ind2="s">
    <subfield code="F">050</subfield>
    <subfield code="A">a|||||||||||||</subfield>
  </datafield>
  <datafield tag="964" ind1="0" ind2="s">
    <subfield code="F">051</subfield>
    <subfield code="A">mm||||||</subfield>
  </datafield>
  <datafield tag="035" ind1=" " ind2=" ">
    <subfield code="a">(DE-599)HBZHT018853619</subfield>
  </datafield>
  <datafield tag="MBD" ind1=" " ind2=" ">
    <subfield code="M">49HBZ_NETWORK</subfield>
    <subfield code="i">990210237770206441</subfield>
    <subfield code="n">HBZ Network</subfield>
  </datafield>
  <datafield tag="MNG" ind1=" " ind2=" ">
    <subfield code="c">System</subfield>
    <subfield code="f">ILS</subfield>
    <subfield code="i">marc21</subfield>
    <subfield code="k">01</subfield>
    <subfield code="e">false</subfield>
    <subfield code="d">2021-07-02 04:06:44 Europe/Berlin</subfield>
    <subfield code="g">021023777-HBZ01</subfield>
    <subfield code="j">60</subfield>
    <subfield code="a">import</subfield>
    <subfield code="b">2021-04-05 15:38:15 Europe/Berlin</subfield>
  </datafield>
  <datafield tag="GPN" ind1="1" ind2=" ">
    <subfield code="a">Gottwald, Cluytus</subfield>
    <subfield code="d">1925-</subfield>
    <subfield code="A">GND</subfield>
    <subfield code="B">GND-118917439</subfield>
    <subfield code="C">400</subfield>
  </datafield>
  <datafield tag="GPN" ind1="1" ind2=" ">
    <subfield code="a">Gottwald, C.</subfield>
    <subfield code="d">1925-</subfield>
    <subfield code="A">GND</subfield>
    <subfield code="B">GND-118917439</subfield>
    <subfield code="C">400</subfield>
  </datafield>
  <datafield tag="GSI" ind1="7" ind2=" ">
    <subfield code="a">118917439</subfield>
    <subfield code="0">http://d-nb.info/gnd/118917439</subfield>
    <subfield code="2">gnd</subfield>
    <subfield code="A">GND</subfield>
    <subfield code="B">GND-118917439</subfield>
    <subfield code="C">024</subfield>
  </datafield>
  <datafield tag="GPN" ind1="1" ind2=" ">
    <subfield code="a">R&#252;ckert, Johann Michael Friedrich</subfield>
    <subfield code="d">1788-1866</subfield>
    <subfield code="4">navo</subfield>
    <subfield code="4">https://d-nb.info/standards/elementset/gnd#FullerFormOfNameOfThePerson</subfield>
    <subfield code="w">r</subfield>
    <subfield code="i">Vollstaendiger Name</subfield>
    <subfield code="e">Vollstaendiger Name</subfield>
    <subfield code="A">GND</subfield>
    <subfield code="B">GND-118603817</subfield>
    <subfield code="C">400</subfield>
  </datafield>
  <datafield tag="GPN" ind1="0" ind2=" ">
    <subfield code="a">Ruchert</subfield>
    <subfield code="d">1788-1866</subfield>
    <subfield code="A">GND</subfield>
    <subfield code="B">GND-118603817</subfield>
    <subfield code="C">400</subfield>
  </datafield>
  <datafield tag="GPN" ind1="1" ind2=" ">
    <subfield code="a">R&#252;ckert, F.</subfield>
    <subfield code="d">1788-1866</subfield>
    <subfield code="A">GND</subfield>
    <subfield code="B">GND-118603817</subfield>
    <subfield code="C">400</subfield>
  </datafield>
  <datafield tag="GPN" ind1="1" ind2=" ">
    <subfield code="a">R&#252;ckert, Fr.</subfield>
    <subfield code="d">1788-1866</subfield>
    <subfield code="A">GND</subfield>
    <subfield code="B">GND-118603817</subfield>
    <subfield code="C">400</subfield>
  </datafield>
  <datafield tag="GPN" ind1="1" ind2=" ">
    <subfield code="a">R&#252;ckert, Frdr.</subfield>
    <subfield code="d">1788-1866</subfield>
    <subfield code="A">GND</subfield>
    <subfield code="B">GND-118603817</subfield>
    <subfield code="C">400</subfield>
  </datafield>
  <datafield tag="GPN" ind1="1" ind2=" ">
    <subfield code="a">R&#252;ckert, Friedr.</subfield>
    <subfield code="d">1788-1866</subfield>
    <subfield code="A">GND</subfield>
    <subfield code="B">GND-118603817</subfield>
    <subfield code="C">400</subfield>
  </datafield>
  <datafield tag="GPN" ind1="1" ind2=" ">
    <subfield code="a">R&#252;ckert, Fridericvs</subfield>
    <subfield code="d">1788-1866</subfield>
    <subfield code="A">GND</subfield>
    <subfield code="B">GND-118603817</subfield>
    <subfield code="C">400</subfield>
  </datafield>
  <datafield tag="GPN" ind1="1" ind2=" ">
    <subfield code="a">R&#252;ckert, Fridericus</subfield>
    <subfield code="d">1788-1866</subfield>
    <subfield code="A">GND</subfield>
    <subfield code="B">GND-118603817</subfield>
    <subfield code="C">400</subfield>
  </datafield>
  <datafield tag="GPN" ind1="1" ind2=" ">
    <subfield code="a">R&#252;ckert, Friedrich Fr.</subfield>
    <subfield code="d">1788-1866</subfield>
    <subfield code="A">GND</subfield>
    <subfield code="B">GND-118603817</subfield>
    <subfield code="C">400</subfield>
  </datafield>
  <datafield tag="GPN" ind1="1" ind2=" ">
    <subfield code="a">R&#252;ckert, Johann M.</subfield>
    <subfield code="d">1788-1866</subfield>
    <subfield code="A">GND</subfield>
    <subfield code="B">GND-118603817</subfield>
    <subfield code="C">400</subfield>
  </datafield>
  <datafield tag="GPN" ind1="1" ind2=" ">
    <subfield code="a">R&#252;ckert, Johann Friedrich</subfield>
    <subfield code="d">1788-1866</subfield>
    <subfield code="A">GND</subfield>
    <subfield code="B">GND-118603817</subfield>
    <subfield code="C">400</subfield>
  </datafield>
  <datafield tag="GPN" ind1="1" ind2=" ">
    <subfield code="a">R&#252;ckert, J. Fr.</subfield>
    <subfield code="d">1788-1866</subfield>
    <subfield code="A">GND</subfield>
    <subfield code="B">GND-118603817</subfield>
    <subfield code="C">400</subfield>
  </datafield>
  <datafield tag="GPN" ind1="1" ind2=" ">
    <subfield code="a">Ruckert, Friedrich</subfield>
    <subfield code="d">1788-1866</subfield>
    <subfield code="A">GND</subfield>
    <subfield code="B">GND-118603817</subfield>
    <subfield code="C">400</subfield>
  </datafield>
  <datafield tag="GPN" ind1="1" ind2=" ">
    <subfield code="a">R&#363;kirt, Fridr&#299;&#353;</subfield>
    <subfield code="d">1788-1866</subfield>
    <subfield code="A">GND</subfield>
    <subfield code="B">GND-118603817</subfield>
    <subfield code="C">400</subfield>
  </datafield>
  <datafield tag="GPN" ind1="1" ind2=" ">
    <subfield code="a">R&#252;kirt, Fridri&#353;</subfield>
    <subfield code="d">1788-1866</subfield>
    <subfield code="A">GND</subfield>
    <subfield code="B">GND-118603817</subfield>
    <subfield code="C">400</subfield>
  </datafield>
  <datafield tag="GPN" ind1="1" ind2=" ">
    <subfield code="a">Rjukkert, F.</subfield>
    <subfield code="d">1788-1866</subfield>
    <subfield code="A">GND</subfield>
    <subfield code="B">GND-118603817</subfield>
    <subfield code="C">400</subfield>
  </datafield>
  <datafield tag="GPN" ind1="1" ind2=" ">
    <subfield code="a">Freimund, Raimar</subfield>
    <subfield code="d">1788-1866</subfield>
    <subfield code="4">pseu</subfield>
    <subfield code="4">https://d-nb.info/standards/elementset/gnd#pseudonym</subfield>
    <subfield code="w">r</subfield>
    <subfield code="i">Pseudonym</subfield>
    <subfield code="e">Pseudonym</subfield>
    <subfield code="A">GND</subfield>
    <subfield code="B">GND-118603817</subfield>
    <subfield code="C">400</subfield>
  </datafield>
  <datafield tag="GPN" ind1="1" ind2=" ">
    <subfield code="a">Rueckert, Friedrich</subfield>
    <subfield code="d">1788-1866</subfield>
    <subfield code="A">GND</subfield>
    <subfield code="B">GND-118603817</subfield>
    <subfield code="C">400</subfield>
  </datafield>
  <datafield tag="GPN" ind1="0" ind2=" ">
    <subfield code="a">R&#252;ckert</subfield>
    <subfield code="d">1788-1866</subfield>
    <subfield code="A">GND</subfield>
    <subfield code="B">GND-118603817</subfield>
    <subfield code="C">400</subfield>
  </datafield>
  <datafield tag="GPN" ind1="1" ind2=" ">
    <subfield code="a">Reinmar, Freimund</subfield>
    <subfield code="d">1788-1866</subfield>
    <subfield code="4">pseu</subfield>
    <subfield code="4">https://d-nb.info/standards/elementset/gnd#pseudonym</subfield>
    <subfield code="w">r</subfield>
    <subfield code="i">Pseudonym</subfield>
    <subfield code="e">Pseudonym</subfield>
    <subfield code="A">GND</subfield>
    <subfield code="B">GND-118603817</subfield>
    <subfield code="C">400</subfield>
  </datafield>
  <datafield tag="GPN" ind1="0" ind2=" ">
    <subfield code="a">F.-R.</subfield>
    <subfield code="d">1788-1866</subfield>
    <subfield code="A">GND</subfield>
    <subfield code="B">GND-118603817</subfield>
    <subfield code="C">400</subfield>
  </datafield>
  <datafield tag="GPN" ind1="1" ind2=" ">
    <subfield code="a">Reimar, Freimund</subfield>
    <subfield code="d">1788-1866</subfield>
    <subfield code="4">pseu</subfield>
    <subfield code="4">https://d-nb.info/standards/elementset/gnd#pseudonym</subfield>
    <subfield code="w">r</subfield>
    <subfield code="i">Pseudonym</subfield>
    <subfield code="e">Pseudonym</subfield>
    <subfield code="A">GND</subfield>
    <subfield code="B">GND-118603817</subfield>
    <subfield code="C">400</subfield>
  </datafield>
  <datafield tag="GPN" ind1="1" ind2=" ">
    <subfield code="a">Raimar, Freimund</subfield>
    <subfield code="d">1788-1866</subfield>
    <subfield code="4">pseu</subfield>
    <subfield code="4">https://d-nb.info/standards/elementset/gnd#pseudonym</subfield>
    <subfield code="w">r</subfield>
    <subfield code="i">Pseudonym</subfield>
    <subfield code="e">Pseudonym</subfield>
    <subfield code="A">GND</subfield>
    <subfield code="B">GND-118603817</subfield>
    <subfield code="C">400</subfield>
  </datafield>
  <datafield tag="GPN" ind1="1" ind2=" ">
    <subfield code="a">Reimer, Freimund</subfield>
    <subfield code="d">1788-1866</subfield>
    <subfield code="4">pseu</subfield>
    <subfield code="4">https://d-nb.info/standards/elementset/gnd#pseudonym</subfield>
    <subfield code="w">r</subfield>
    <subfield code="i">Pseudonym</subfield>
    <subfield code="e">Pseudonym</subfield>
    <subfield code="A">GND</subfield>
    <subfield code="B">GND-118603817</subfield>
    <subfield code="C">400</subfield>
  </datafield>
  <datafield tag="GSI" ind1="7" ind2=" ">
    <subfield code="a">118603817</subfield>
    <subfield code="0">http://d-nb.info/gnd/118603817</subfield>
    <subfield code="2">gnd</subfield>
    <subfield code="A">GND</subfield>
    <subfield code="B">GND-118603817</subfield>
    <subfield code="C">024</subfield>
  </datafield>
  <datafield tag="GSI" ind1="7" ind2=" ">
    <subfield code="a">n 79145754</subfield>
    <subfield code="2">lccn</subfield>
    <subfield code="A">GND</subfield>
    <subfield code="B">GND-118603817</subfield>
    <subfield code="C">024</subfield>
  </datafield>
  <datafield tag="GPN" ind1="0" ind2=" ">
    <subfield code="a">Mahler</subfield>
    <subfield code="d">1860-1911</subfield>
    <subfield code="A">GND</subfield>
    <subfield code="B">GND-118576291</subfield>
    <subfield code="C">400</subfield>
  </datafield>
  <datafield tag="GPN" ind1="1" ind2=" ">
    <subfield code="a">Mahler, Gustave</subfield>
    <subfield code="d">1860-1911</subfield>
    <subfield code="A">GND</subfield>
    <subfield code="B">GND-118576291</subfield>
    <subfield code="C">400</subfield>
  </datafield>
  <datafield tag="GPN" ind1="1" ind2=" ">
    <subfield code="a">Mahler, G.</subfield>
    <subfield code="d">1860-1911</subfield>
    <subfield code="A">GND</subfield>
    <subfield code="B">GND-118576291</subfield>
    <subfield code="C">400</subfield>
  </datafield>
  <datafield tag="GPN" ind1="1" ind2=" ">
    <subfield code="a">Maler, Gustav</subfield>
    <subfield code="d">1860-1911</subfield>
    <subfield code="A">GND</subfield>
    <subfield code="B">GND-118576291</subfield>
    <subfield code="C">400</subfield>
  </datafield>
  <datafield tag="GPN" ind1="1" ind2=" ">
    <subfield code="9">U:Cyrl</subfield>
    <subfield code="a">&#1052;&#1072;&#1083;&#1077;&#1088;, &#1043;&#1091;&#1089;&#1090;&#1072;&#1074;</subfield>
    <subfield code="d">1860-1911</subfield>
    <subfield code="A">GND</subfield>
    <subfield code="B">GND-118576291</subfield>
    <subfield code="C">400</subfield>
  </datafield>
  <datafield tag="GPN" ind1="0" ind2=" ">
    <subfield code="9">U:Jpan</subfield>
    <subfield code="a">&#12464;&#12473;&#12479;&#12501;&#12539;&#12510;&#12540;&#12521;&#12540;</subfield>
    <subfield code="d">1860-1911</subfield>
    <subfield code="5">DE-576</subfield>
    <subfield code="A">GND</subfield>
    <subfield code="B">GND-118576291</subfield>
    <subfield code="C">400</subfield>
  </datafield>
  <datafield tag="GSI" ind1="7" ind2=" ">
    <subfield code="a">118576291</subfield>
    <subfield code="0">http://d-nb.info/gnd/118576291</subfield>
    <subfield code="2">gnd</subfield>
    <subfield code="A">GND</subfield>
    <subfield code="B">GND-118576291</subfield>
    <subfield code="C">024</subfield>
  </datafield>
  <datafield tag="GPN" ind1="1" ind2=" ">
    <subfield code="a">Mahler, Gustav</subfield>
    <subfield code="d">1860-1911</subfield>
    <subfield code="t">Ich bin der Welt abhanden gekommen</subfield>
    <subfield code="A">GND</subfield>
    <subfield code="B">GND-970957289</subfield>
    <subfield code="C">400</subfield>
  </datafield>
  <datafield tag="GPN" ind1="1" ind2=" ">
    <subfield code="a">Mahler, Gustav</subfield>
    <subfield code="d">1860-1911</subfield>
    <subfield code="t">Lieder aus letzter Zeit</subfield>
    <subfield code="p">Ich bin der Welt abhanden gekommen</subfield>
    <subfield code="9">v:R:EST vor RAK-M 2003</subfield>
    <subfield code="A">GND</subfield>
    <subfield code="B">GND-970957289</subfield>
    <subfield code="C">400</subfield>
  </datafield>
  <datafield tag="GSI" ind1="7" ind2=" ">
    <subfield code="a">4777353-4</subfield>
    <subfield code="0">http://d-nb.info/gnd/4777353-4</subfield>
    <subfield code="2">gnd</subfield>
    <subfield code="A">GND</subfield>
    <subfield code="B">GND-970957289</subfield>
    <subfield code="C">024</subfield>
  </datafield>
</record>